@book{hott-book,
  author    = {The {Univalent Foundations Program}},
  title     = {Homotopy Type Theory: Univalent Foundations of Mathematics},
  publisher = {\url{https://homotopytypetheory.org/book}},
  address   = {Institute for Advanced Study},
  year      = {2013}
}

@book{gnu-parallel,
      author       = {Tange, Ole},
      title        = {GNU Parallel 2018},
      publisher    = {Ole Tange},
      month        = Mar,
      year         = 2018,
      ISBN         = {9781387509881},
      doi          = {10.5281/zenodo.1146014},
      url          = {https://doi.org/10.5281/zenodo.1146014}
}
